%% This BibTeX bibliography file was created using BibDesk.
%% https://bibdesk.sourceforge.io/

%% Created for Thibault Bertrand at 2024-02-01 23:55:18 +0000 


%% Saved with string encoding Unicode (UTF-8) 



@misc{IEEE,
author={Tappert, Charles C.},
booktitle={2019 International Conference on Computational Science and Computational Intelligence (CSCI)}, 
title={Who Is the Father of Deep Learning?}, 
year={2019},
volume={},
number={},
pages={343-348},
keywords={Machine learning;Biological neural networks;Google;Cybernetics;Psychology;Backpropagation;artificial intelligence;machine learning;deep learning;neural networks;multi-layer perceptrons},
doi={10.1109/CSCI49370.2019.00067}}

@article{McCulloch1943,
journal = {The Bulletin of Mathematical Biophysics},
doi = {10.1007/bf02478259},
issn = {0007-4985},
number = {4},
language = {en},
publisher = {Springer Science and Business Media LLC},
title = {A logical calculus of the ideas immanent in nervous activity},
url = {http://dx.doi.org/10.1007/BF02478259},
volume = {5},
author = {McCulloch, Warren S. and Pitts, Walter},
pages = {115--133},
date = {1943-12},
year = {1943},
month = {12},
}

@article{Rosenblatt1958,
journal = {Psychological Review},
doi = {10.1037/h0042519},
issn = {1939-1471},
number = {6},
language = {en},
publisher = {American Psychological Association (APA)},
title = {The perceptron: A probabilistic model for information storage and organization in the brain.},
url = {http://dx.doi.org/10.1037/h0042519},
volume = {65},
author = {Rosenblatt, F.},
pages = {386--408},
date = {1958},
year = {1958},
}
